<record><leader>00000cas a22000007a 4500</leader><controlfield tag="001">14204740</controlfield><controlfield tag="008">860911d18681872mauwr ne      0    0eng  </controlfield><datafield ind1=" " ind2=" " tag="010"><subfield code="a">sn 86071913 </subfield></datafield><datafield ind1=" " ind2=" " tag="040"><subfield code="a">DLC</subfield><subfield code="b">eng</subfield><subfield code="c">DLC</subfield><subfield code="d">MGN</subfield><subfield code="d">OCLCQ</subfield></datafield><datafield ind1=" " ind2=" " tag="042"><subfield code="a">msc</subfield></datafield><datafield ind1="0" ind2="0" tag="050"><subfield code="a">Newspaper 8160-X</subfield></datafield><datafield ind1="0" ind2=" " tag="130"><subfield code="a">Wakefield banner (Wakefield, Mass. : 1868)</subfield></datafield><datafield ind1="1" ind2="0" tag="245"><subfield code="a">Wakefield banner.</subfield></datafield><datafield ind1=" " ind2=" " tag="260"><subfield code="a">Wakefield, Mass. :</subfield><subfield code="b">A.A. Foster &amp; Co.</subfield></datafield><datafield ind1=" " ind2=" " tag="300"><subfield code="a">v. ;</subfield><subfield code="c">61 cm.</subfield></datafield><datafield ind1=" " ind2=" " tag="310"><subfield code="a">Weekly</subfield></datafield><datafield ind1="1" ind2=" " tag="362"><subfield code="a">Began in 1868; ceased in 1872.</subfield></datafield><datafield ind1=" " ind2=" " tag="500"><subfield code="a">"Republican."</subfield></datafield><datafield ind1=" " ind2=" " tag="588"><subfield code="a">Description based on: Vol. 4, no. 17 (Feb. 24, 1872).</subfield></datafield><datafield ind1=" " ind2=" " tag="752"><subfield code="a">United States</subfield><subfield code="b">Massachusetts</subfield><subfield code="c">Middlesex</subfield><subfield code="d">Wakefield.</subfield></datafield><datafield ind1="0" ind2="0" tag="785"><subfield code="t">Citizen (Wakefield, Mass.)</subfield><subfield code="w">(DLC)sn 89063384</subfield></datafield><datafield ind1="1" ind2=" " tag="029"><subfield code="a">AU@</subfield><subfield code="b">000025794226</subfield></datafield></record>